
@article{BIS06,
title={Pattern recognition},
author={Bishop, Christopher M},
journal={Machine Learning},
volume={128},
pages={1--58},
year={2006}
}

@article{YAN16,
title={Sparse Methods for Direction-of-Arrival Estimation},
author={Yang, Zai and Li, Jian and Stoica, Petre and Xie, Lihua},
journal={arXiv preprint arXiv:1609.09596},
year={2016}
}


@article{BHA13,
title={Atomic norm denoising with applications to line spectral estimation},
author={Bhaskar, Badri Narayan and Tang, Gongguo and Recht, Benjamin},
journal={IEEE Transactions on Signal Processing},
volume={61},
number={23},
pages={5987--5999},
year={2013},
publisher={IEEE}
}

@article{LECUN15,
title={Deep learning},
author={LeCun, Yann and Bengio, Yoshua and Hinton, Geoffrey},
journal={Nature},
volume={521},
number={7553},
pages={436--444},
year={2015},
publisher={Nature Research}


}

@article{CHO12,
title={Diagnosis of three-phase electrical machines using multidimensional demodulation techniques},
author={Choqueuse, Vincent and Benbouzid, Mohamed El Hachemi and Amirat, Yassine and Turri, Sylvie},
journal={IEEE Transactions on Industrial Electronics},
volume={59},
number={4},
pages={2014--2023},
year={2012},
publisher={IEEE}
}

@article{TAN13,
title={Compressed sensing off the grid},
author={Tang, Gongguo and Bhaskar, Badri Narayan and Shah, Parikshit and Recht, Benjamin},
journal={IEEE transactions on information theory},
volume={59},
number={11},
pages={7465--7490},
year={2013},
publisher={IEEE}
}

@article{TRA16,
title={Induction machines fault detection based on subspace spectral estimation},
author={Trachi, Youness and Elbouchikhi, Elhoussin and Choqueuse, Vincent and Benbouzid, Mohamed El Hachemi},
journal={IEEE Transactions on Industrial Electronics},
volume={63},
number={9},
pages={5641--5651},
year={2016},
publisher={IEEE}
}

@article{TRA17,
title={A Novel Induction Machine Faults Detector based on Hypothesis Testing},
author={Trachi, Youness and Elbouchikhi, Elhoussin and Choqueuse, Vincent and Benbouzid, Mohamed and Wang, Tianzhen},
journal={IEEE Transactions on Industry Applications},
year={2017},
publisher={IEEE}
}

@article{ELB16,
title={Induction machine bearing faults detection based on a multi-dimensional MUSIC algorithm and maximum likelihood estimation},
author={Elbouchikhi, Elhoussin and Choqueuse, Vincent and Benbouzid, Mohamed},
journal={ISA transactions},
volume={63},
pages={413--424},
year={2016},
publisher={Elsevier}
}
